%YAML 1.1
%TAG !u! tag:unity3d.com,2011:
--- !u!29 &1
SceneSettings:
  m_ObjectHideFlags: 0
  m_PVSData: 
  m_PVSObjectsArray: []
  m_PVSPortalsArray: []
  m_OcclusionBakeSettings:
    smallestOccluder: 5
    smallestHole: .25
    backfaceThreshold: 100
--- !u!104 &2
RenderSettings:
  m_Fog: 0
  m_FogColor: {r: .5, g: .5, b: .5, a: 1}
  m_FogMode: 3
  m_FogDensity: .00999999978
  m_LinearFogStart: 0
  m_LinearFogEnd: 300
  m_AmbientLight: {r: .5, g: .5, b: .5, a: 1}
  m_SkyboxMaterial: {fileID: 0}
  m_HaloStrength: .5
  m_FlareStrength: 1
  m_FlareFadeSpeed: 3
  m_HaloTexture: {fileID: 0}
  m_SpotCookie: {fileID: 0}
  m_ObjectHideFlags: 0
--- !u!127 &3
LevelGameManager:
  m_ObjectHideFlags: 0
--- !u!157 &4
LightmapSettings:
  m_ObjectHideFlags: 0
  m_LightProbes: {fileID: 0}
  m_Lightmaps: []
  m_LightmapsMode: 1
  m_BakedColorSpace: 0
  m_UseDualLightmapsInForward: 0
  m_LightmapEditorSettings:
    m_Resolution: 50
    m_LastUsedResolution: 0
    m_TextureWidth: 1024
    m_TextureHeight: 1024
    m_BounceBoost: 1
    m_BounceIntensity: 1
    m_SkyLightColor: {r: .860000014, g: .930000007, b: 1, a: 1}
    m_SkyLightIntensity: 0
    m_Quality: 0
    m_Bounces: 1
    m_FinalGatherRays: 1000
    m_FinalGatherContrastThreshold: .0500000007
    m_FinalGatherGradientThreshold: 0
    m_FinalGatherInterpolationPoints: 15
    m_AOAmount: 0
    m_AOMaxDistance: .100000001
    m_AOContrast: 1
    m_LODSurfaceMappingDistance: 1
    m_Padding: 0
    m_TextureCompression: 0
    m_LockAtlas: 0
--- !u!196 &5
NavMeshSettings:
  m_ObjectHideFlags: 0
  m_BuildSettings:
    agentRadius: .5
    agentHeight: 2
    agentSlope: 45
    agentClimb: .400000006
    ledgeDropHeight: 0
    maxJumpAcrossDistance: 0
    accuratePlacement: 0
    minRegionArea: 2
    widthInaccuracy: 16.666666
    heightInaccuracy: 10
  m_NavMesh: {fileID: 0}
--- !u!1 &39274762
GameObject:
  m_ObjectHideFlags: 0
  m_PrefabParentObject: {fileID: 100014, guid: 941d70ba374194148a566611b3bdfd8d, type: 2}
  m_PrefabInternal: {fileID: 73256821}
  serializedVersion: 4
  m_Component:
  - 4: {fileID: 39274763}
  m_Layer: 0
  m_Name: CenterOfMass
  m_TagString: Untagged
  m_Icon: {fileID: 0}
  m_NavMeshLayer: 0
  m_StaticEditorFlags: 0
  m_IsActive: 1
--- !u!4 &39274763
Transform:
  m_ObjectHideFlags: 0
  m_PrefabParentObject: {fileID: 400014, guid: 941d70ba374194148a566611b3bdfd8d, type: 2}
  m_PrefabInternal: {fileID: 73256821}
  m_GameObject: {fileID: 39274762}
  m_LocalRotation: {x: 0, y: 0, z: 0, w: 1}
  m_LocalPosition: {x: -1.4152052e-08, y: -.219312683, z: .144828513}
  m_LocalScale: {x: 1, y: 1, z: 1}
  m_Children: []
  m_Father: {fileID: 1331049446}
--- !u!1001 &73256821
Prefab:
  m_ObjectHideFlags: 0
  serializedVersion: 2
  m_Modification:
    m_TransformParent: {fileID: 0}
    m_Modifications:
    - target: {fileID: 400022, guid: 941d70ba374194148a566611b3bdfd8d, type: 2}
      propertyPath: m_LocalPosition.x
      value: 0
      objectReference: {fileID: 0}
    - target: {fileID: 400022, guid: 941d70ba374194148a566611b3bdfd8d, type: 2}
      propertyPath: m_LocalPosition.y
      value: 1.5
      objectReference: {fileID: 0}
    - target: {fileID: 400022, guid: 941d70ba374194148a566611b3bdfd8d, type: 2}
      propertyPath: m_LocalPosition.z
      value: 0
      objectReference: {fileID: 0}
    - target: {fileID: 400022, guid: 941d70ba374194148a566611b3bdfd8d, type: 2}
      propertyPath: m_LocalRotation.x
      value: 0
      objectReference: {fileID: 0}
    - target: {fileID: 400022, guid: 941d70ba374194148a566611b3bdfd8d, type: 2}
      propertyPath: m_LocalRotation.y
      value: 0
      objectReference: {fileID: 0}
    - target: {fileID: 400022, guid: 941d70ba374194148a566611b3bdfd8d, type: 2}
      propertyPath: m_LocalRotation.z
      value: 0
      objectReference: {fileID: 0}
    - target: {fileID: 400022, guid: 941d70ba374194148a566611b3bdfd8d, type: 2}
      propertyPath: m_LocalRotation.w
      value: 1
      objectReference: {fileID: 0}
    m_RemovedComponents: []
  m_ParentPrefab: {fileID: 100100000, guid: 941d70ba374194148a566611b3bdfd8d, type: 2}
  m_RootGameObject: {fileID: 1331049445}
  m_IsPrefabParent: 0
  m_IsExploded: 1
--- !u!1 &182086915
GameObject:
  m_ObjectHideFlags: 0
  m_PrefabParentObject: {fileID: 100002, guid: 356e52d262fd7a7499520f7a29d5b3f7, type: 2}
  m_PrefabInternal: {fileID: 1660641549}
  serializedVersion: 4
  m_Component:
  - 4: {fileID: 182086916}
  - 33: {fileID: 182086918}
  - 23: {fileID: 182086917}
  m_Layer: 4
  m_Name: Waterfalls
  m_TagString: Untagged
  m_Icon: {fileID: 0}
  m_NavMeshLayer: 0
  m_StaticEditorFlags: 0
  m_IsActive: 1
--- !u!4 &182086916
Transform:
  m_ObjectHideFlags: 0
  m_PrefabParentObject: {fileID: 400002, guid: 356e52d262fd7a7499520f7a29d5b3f7, type: 2}
  m_PrefabInternal: {fileID: 1660641549}
  m_GameObject: {fileID: 182086915}
  m_LocalRotation: {x: 0, y: 0, z: 0, w: 1}
  m_LocalPosition: {x: 0, y: 0, z: 0}
  m_LocalScale: {x: 1, y: 15, z: 1}
  m_Children: []
  m_Father: {fileID: 1091046063}
--- !u!23 &182086917
Renderer:
  m_ObjectHideFlags: 0
  m_PrefabParentObject: {fileID: 2300002, guid: 356e52d262fd7a7499520f7a29d5b3f7,
    type: 2}
  m_PrefabInternal: {fileID: 1660641549}
  m_GameObject: {fileID: 182086915}
  m_Enabled: 1
  m_CastShadows: 1
  m_ReceiveShadows: 1
  m_LightmapIndex: 255
  m_LightmapTilingOffset: {x: 1, y: 1, z: 0, w: 0}
  m_Materials:
  - {fileID: 2100000, guid: 662e60d3fa21165469fbfabe0f27e195, type: 2}
  m_SubsetIndices: 
  m_StaticBatchRoot: {fileID: 0}
  m_UseLightProbes: 0
  m_LightProbeAnchor: {fileID: 0}
  m_ScaleInLightmap: 1
  m_SortingLayer: 0
  m_SortingOrder: 0
  m_SortingLayerID: 0
--- !u!33 &182086918
MeshFilter:
  m_ObjectHideFlags: 0
  m_PrefabParentObject: {fileID: 3300002, guid: 356e52d262fd7a7499520f7a29d5b3f7,
    type: 2}
  m_PrefabInternal: {fileID: 1660641549}
  m_GameObject: {fileID: 182086915}
  m_Mesh: {fileID: 4300000, guid: 8de34f722aedfd8419a34b6121386c4e, type: 3}
--- !u!1 &186827423
GameObject:
  m_ObjectHideFlags: 0
  m_PrefabParentObject: {fileID: 100000, guid: 83ce425ff1035fd4bbfba7288935a2ce, type: 2}
  m_PrefabInternal: {fileID: 304426372}
  serializedVersion: 4
  m_Component:
  - 4: {fileID: 186827425}
  - 108: {fileID: 186827424}
  m_Layer: 0
  m_Name: Sun
  m_TagString: Untagged
  m_Icon: {fileID: 0}
  m_NavMeshLayer: 0
  m_StaticEditorFlags: 0
  m_IsActive: 1
--- !u!108 &186827424
Light:
  m_ObjectHideFlags: 0
  m_PrefabParentObject: {fileID: 10800000, guid: 83ce425ff1035fd4bbfba7288935a2ce,
    type: 2}
  m_PrefabInternal: {fileID: 304426372}
  m_GameObject: {fileID: 186827423}
  m_Enabled: 1
  serializedVersion: 3
  m_Type: 2
  m_Color: {r: 1, g: 1, b: 1, a: 1}
  m_Intensity: 4.13000011
  m_Range: 40.7644005
  m_SpotAngle: 30
  m_CookieSize: 10
  m_Shadows:
    m_Type: 0
    m_Resolution: -1
    m_Strength: 1
    m_Bias: .0500000007
    m_Softness: 4
    m_SoftnessFade: 1
  m_Cookie: {fileID: 0}
  m_DrawHalo: 0
  m_ActuallyLightmapped: 0
  m_Flare: {fileID: 0}
  m_RenderMode: 0
  m_CullingMask:
    serializedVersion: 2
    m_Bits: 4294967295
  m_Lightmapping: 1
  m_ShadowSamples: 1
  m_ShadowRadius: 0
  m_ShadowAngle: 0
  m_IndirectIntensity: 1
  m_AreaSize: {x: 1, y: 1}
--- !u!4 &186827425
Transform:
  m_ObjectHideFlags: 0
  m_PrefabParentObject: {fileID: 400000, guid: 83ce425ff1035fd4bbfba7288935a2ce, type: 2}
  m_PrefabInternal: {fileID: 304426372}
  m_GameObject: {fileID: 186827423}
  m_LocalRotation: {x: 0, y: 0, z: 0, w: 1}
  m_LocalPosition: {x: 9.94970226, y: 11, z: -20}
  m_LocalScale: {x: 1, y: 1, z: 1}
  m_Children: []
  m_Father: {fileID: 0}
--- !u!1 &252497833
GameObject:
  m_ObjectHideFlags: 0
  m_PrefabParentObject: {fileID: 100008, guid: 941d70ba374194148a566611b3bdfd8d, type: 2}
  m_PrefabInternal: {fileID: 73256821}
  serializedVersion: 4
  m_Component:
  - 4: {fileID: 252497834}
  - 160: {fileID: 252497836}
  - 161: {fileID: 252497835}
  m_Layer: 0
  m_Name: RearSail
  m_TagString: Untagged
  m_Icon: {fileID: 0}
  m_NavMeshLayer: 0
  m_StaticEditorFlags: 0
  m_IsActive: 0
--- !u!4 &252497834
Transform:
  m_ObjectHideFlags: 0
  m_PrefabParentObject: {fileID: 400008, guid: 941d70ba374194148a566611b3bdfd8d, type: 2}
  m_PrefabInternal: {fileID: 73256821}
  m_GameObject: {fileID: 252497833}
  m_LocalRotation: {x: 0, y: 0, z: 0, w: 1}
  m_LocalPosition: {x: .0589416809, y: .27769345, z: -.47524938}
  m_LocalScale: {x: 1, y: 1, z: 1}
  m_Children: []
  m_Father: {fileID: 1974908049}
--- !u!161 &252497835
ClothRenderer:
  m_ObjectHideFlags: 0
  m_PrefabParentObject: {fileID: 16100002, guid: 941d70ba374194148a566611b3bdfd8d,
    type: 2}
  m_PrefabInternal: {fileID: 73256821}
  m_GameObject: {fileID: 252497833}
  m_Enabled: 1
  m_CastShadows: 1
  m_ReceiveShadows: 1
  m_LightmapIndex: 255
  m_LightmapTilingOffset: {x: 1, y: 1, z: 0, w: 0}
  m_Materials:
  - {fileID: 2100000, guid: 01c705a52bed5d644b57f5d307609e3a, type: 2}
  m_SubsetIndices: 
  m_StaticBatchRoot: {fileID: 0}
  m_UseLightProbes: 0
  m_LightProbeAnchor: {fileID: 0}
  m_ScaleInLightmap: 1
  m_SortingLayer: 0
  m_SortingOrder: 0
  m_SortingLayerID: 0
  m_PauseWhenNotVisible: 1
--- !u!160 &252497836
InteractiveCloth:
  m_ObjectHideFlags: 0
  m_PrefabParentObject: {fileID: 16000002, guid: 941d70ba374194148a566611b3bdfd8d,
    type: 2}
  m_PrefabInternal: {fileID: 73256821}
  m_GameObject: {fileID: 252497833}
  m_Enabled: 1
  m_BendingStiffness: 0
  m_StretchingStiffness: 1
  m_Damping: 0
  m_Thickness: .200000003
  m_UseGravity: 1
  m_SelfCollision: 0
  m_ExternalAcceleration: {x: 0, y: 0, z: 0}
  m_RandomAcceleration: {x: 0, y: 0, z: 0}
  m_Mesh: {fileID: 4300008, guid: 50153583ded3b6143a74eff93656e1dc, type: 3}
  m_Friction: .5
  m_Density: 1
  m_Pressure: 0
  m_CollisionResponse: 0
  m_AttachmentTearFactor: .200000003
  m_AttachmentResponse: .200000003
  m_TearFactor: .200000003
  m_AttachedColliders:
  - m_Collider: {fileID: 518422136}
    m_TwoWayInteraction: 0
    m_Tearable: 1
--- !u!1001 &304426372
Prefab:
  m_ObjectHideFlags: 0
  serializedVersion: 2
  m_Modification:
    m_TransformParent: {fileID: 0}
    m_Modifications:
    - target: {fileID: 400000, guid: 83ce425ff1035fd4bbfba7288935a2ce, type: 2}
      propertyPath: m_LocalPosition.x
      value: 9.94970226
      objectReference: {fileID: 0}
    - target: {fileID: 400000, guid: 83ce425ff1035fd4bbfba7288935a2ce, type: 2}
      propertyPath: m_LocalPosition.y
      value: 11
      objectReference: {fileID: 0}
    - target: {fileID: 400000, guid: 83ce425ff1035fd4bbfba7288935a2ce, type: 2}
      propertyPath: m_LocalPosition.z
      value: -20
      objectReference: {fileID: 0}
    - target: {fileID: 400000, guid: 83ce425ff1035fd4bbfba7288935a2ce, type: 2}
      propertyPath: m_LocalRotation.x
      value: 0
      objectReference: {fileID: 0}
    - target: {fileID: 400000, guid: 83ce425ff1035fd4bbfba7288935a2ce, type: 2}
      propertyPath: m_LocalRotation.y
      value: 0
      objectReference: {fileID: 0}
    - target: {fileID: 400000, guid: 83ce425ff1035fd4bbfba7288935a2ce, type: 2}
      propertyPath: m_LocalRotation.z
      value: 0
      objectReference: {fileID: 0}
    - target: {fileID: 400000, guid: 83ce425ff1035fd4bbfba7288935a2ce, type: 2}
      propertyPath: m_LocalRotation.w
      value: 1
      objectReference: {fileID: 0}
    m_RemovedComponents: []
  m_ParentPrefab: {fileID: 100100000, guid: 83ce425ff1035fd4bbfba7288935a2ce, type: 2}
  m_RootGameObject: {fileID: 186827423}
  m_IsPrefabParent: 0
  m_IsExploded: 1
--- !u!1 &402353467
GameObject:
  m_ObjectHideFlags: 0
  m_PrefabParentObject: {fileID: 100016, guid: 941d70ba374194148a566611b3bdfd8d, type: 2}
  m_PrefabInternal: {fileID: 73256821}
  serializedVersion: 4
  m_Component:
  - 4: {fileID: 402353468}
  - 65: {fileID: 402353469}
  - 114: {fileID: 402353470}
  m_Layer: 0
  m_Name: BodyCollider
  m_TagString: Untagged
  m_Icon: {fileID: 0}
  m_NavMeshLayer: 0
  m_StaticEditorFlags: 0
  m_IsActive: 1
--- !u!4 &402353468
Transform:
  m_ObjectHideFlags: 0
  m_PrefabParentObject: {fileID: 400016, guid: 941d70ba374194148a566611b3bdfd8d, type: 2}
  m_PrefabInternal: {fileID: 73256821}
  m_GameObject: {fileID: 402353467}
  m_LocalRotation: {x: 0, y: 0, z: 0, w: 1}
  m_LocalPosition: {x: -5.58638247e-09, y: -.0380752087, z: .140512645}
  m_LocalScale: {x: 1, y: 1, z: 1}
  m_Children: []
  m_Father: {fileID: 1073290776}
--- !u!65 &402353469
BoxCollider:
  m_ObjectHideFlags: 0
  m_PrefabParentObject: {fileID: 6500006, guid: 941d70ba374194148a566611b3bdfd8d,
    type: 2}
  m_PrefabInternal: {fileID: 73256821}
  m_GameObject: {fileID: 402353467}
  m_Material: {fileID: 0}
  m_IsTrigger: 0
  m_Enabled: 1
  serializedVersion: 2
  m_Size: {x: .280000001, y: .200000003, z: 1.17034435}
  m_Center: {x: -4.4408921e-16, y: 0, z: -.0351716653}
--- !u!114 &402353470
MonoBehaviour:
  m_ObjectHideFlags: 0
  m_PrefabParentObject: {fileID: 11400000, guid: 941d70ba374194148a566611b3bdfd8d,
    type: 2}
  m_PrefabInternal: {fileID: 73256821}
  m_GameObject: {fileID: 402353467}
  m_Enabled: 1
  m_EditorHideFlags: 0
  m_Script: {fileID: 11500000, guid: 963a0c9813a06134a886e7c6697af83b, type: 3}
  m_Name: 
  m_EditorClassIdentifier: 
  gridSize: 2
  body: {fileID: 0}
  useOwnRigidbody: 1
--- !u!1 &413131474
GameObject:
  m_ObjectHideFlags: 0
  m_PrefabParentObject: {fileID: 100012, guid: 941d70ba374194148a566611b3bdfd8d, type: 2}
  m_PrefabInternal: {fileID: 73256821}
  serializedVersion: 4
  m_Component:
  - 4: {fileID: 413131475}
  - 160: {fileID: 413131477}
  - 161: {fileID: 413131476}
  m_Layer: 0
  m_Name: BowSail
  m_TagString: Untagged
  m_Icon: {fileID: 0}
  m_NavMeshLayer: 0
  m_StaticEditorFlags: 0
  m_IsActive: 0
--- !u!4 &413131475
Transform:
  m_ObjectHideFlags: 0
  m_PrefabParentObject: {fileID: 400012, guid: 941d70ba374194148a566611b3bdfd8d, type: 2}
  m_PrefabInternal: {fileID: 73256821}
  m_GameObject: {fileID: 413131474}
  m_LocalRotation: {x: 0, y: 0, z: 0, w: 1}
  m_LocalPosition: {x: 0, y: .274442613, z: .583284795}
  m_LocalScale: {x: 1, y: 1, z: 1}
  m_Children: []
  m_Father: {fileID: 1974908049}
--- !u!161 &413131476
ClothRenderer:
  m_ObjectHideFlags: 0
  m_PrefabParentObject: {fileID: 16100006, guid: 941d70ba374194148a566611b3bdfd8d,
    type: 2}
  m_PrefabInternal: {fileID: 73256821}
  m_GameObject: {fileID: 413131474}
  m_Enabled: 1
  m_CastShadows: 1
  m_ReceiveShadows: 1
  m_LightmapIndex: 255
  m_LightmapTilingOffset: {x: 1, y: 1, z: 0, w: 0}
  m_Materials:
  - {fileID: 2100000, guid: 01c705a52bed5d644b57f5d307609e3a, type: 2}
  m_SubsetIndices: 
  m_StaticBatchRoot: {fileID: 0}
  m_UseLightProbes: 0
  m_LightProbeAnchor: {fileID: 0}
  m_ScaleInLightmap: 1
  m_SortingLayer: 0
  m_SortingOrder: 0
  m_SortingLayerID: 0
  m_PauseWhenNotVisible: 1
--- !u!160 &413131477
InteractiveCloth:
  m_ObjectHideFlags: 0
  m_PrefabParentObject: {fileID: 16000006, guid: 941d70ba374194148a566611b3bdfd8d,
    type: 2}
  m_PrefabInternal: {fileID: 73256821}
  m_GameObject: {fileID: 413131474}
  m_Enabled: 1
  m_BendingStiffness: 0
  m_StretchingStiffness: 1
  m_Damping: 0
  m_Thickness: .200000003
  m_UseGravity: 1
  m_SelfCollision: 0
  m_ExternalAcceleration: {x: 0, y: 0, z: 0}
  m_RandomAcceleration: {x: 0, y: 0, z: 0}
  m_Mesh: {fileID: 4300004, guid: 50153583ded3b6143a74eff93656e1dc, type: 3}
  m_Friction: .5
  m_Density: 1
  m_Pressure: 0
  m_CollisionResponse: 0
  m_AttachmentTearFactor: .200000003
  m_AttachmentResponse: .200000003
  m_TearFactor: .200000003
  m_AttachedColliders:
  - m_Collider: {fileID: 1751263495}
    m_TwoWayInteraction: 0
    m_Tearable: 1
--- !u!1 &485860663
GameObject:
  m_ObjectHideFlags: 0
  m_PrefabParentObject: {fileID: 100006, guid: 941d70ba374194148a566611b3bdfd8d, type: 2}
  m_PrefabInternal: {fileID: 73256821}
  serializedVersion: 4
  m_Component:
  - 4: {fileID: 485860664}
  - 160: {fileID: 485860666}
  - 161: {fileID: 485860665}
  m_Layer: 0
  m_Name: Flag
  m_TagString: Untagged
  m_Icon: {fileID: 0}
  m_NavMeshLayer: 0
  m_StaticEditorFlags: 0
  m_IsActive: 0
--- !u!4 &485860664
Transform:
  m_ObjectHideFlags: 0
  m_PrefabParentObject: {fileID: 400006, guid: 941d70ba374194148a566611b3bdfd8d, type: 2}
  m_PrefabInternal: {fileID: 73256821}
  m_GameObject: {fileID: 485860663}
  m_LocalRotation: {x: 0, y: 0, z: 0, w: 1}
  m_LocalPosition: {x: 0, y: .688936889, z: -.104104869}
  m_LocalScale: {x: 1, y: 1, z: 1}
  m_Children: []
  m_Father: {fileID: 1974908049}
--- !u!161 &485860665
ClothRenderer:
  m_ObjectHideFlags: 0
  m_PrefabParentObject: {fileID: 16100000, guid: 941d70ba374194148a566611b3bdfd8d,
    type: 2}
  m_PrefabInternal: {fileID: 73256821}
  m_GameObject: {fileID: 485860663}
  m_Enabled: 1
  m_CastShadows: 1
  m_ReceiveShadows: 1
  m_LightmapIndex: 255
  m_LightmapTilingOffset: {x: 1, y: 1, z: 0, w: 0}
  m_Materials:
  - {fileID: 2100000, guid: 01c705a52bed5d644b57f5d307609e3a, type: 2}
  m_SubsetIndices: 
  m_StaticBatchRoot: {fileID: 0}
  m_UseLightProbes: 0
  m_LightProbeAnchor: {fileID: 0}
  m_ScaleInLightmap: 1
  m_SortingLayer: 0
  m_SortingOrder: 0
  m_SortingLayerID: 0
  m_PauseWhenNotVisible: 1
--- !u!160 &485860666
InteractiveCloth:
  m_ObjectHideFlags: 0
  m_PrefabParentObject: {fileID: 16000000, guid: 941d70ba374194148a566611b3bdfd8d,
    type: 2}
  m_PrefabInternal: {fileID: 73256821}
  m_GameObject: {fileID: 485860663}
  m_Enabled: 1
  m_BendingStiffness: 0
  m_StretchingStiffness: 1
  m_Damping: 0
  m_Thickness: .200000003
  m_UseGravity: 0
  m_SelfCollision: 0
  m_ExternalAcceleration: {x: 0, y: 0, z: 0}
  m_RandomAcceleration: {x: 0, y: 0, z: 0}
  m_Mesh: {fileID: 4300002, guid: 50153583ded3b6143a74eff93656e1dc, type: 3}
  m_Friction: .5
  m_Density: 1
  m_Pressure: 0
  m_CollisionResponse: 0
  m_AttachmentTearFactor: .200000003
  m_AttachmentResponse: .200000003
  m_TearFactor: .200000003
  m_AttachedColliders:
  - m_Collider: {fileID: 2063723586}
    m_TwoWayInteraction: 0
    m_Tearable: 1
--- !u!1 &518422134
GameObject:
  m_ObjectHideFlags: 0
  m_PrefabParentObject: {fileID: 100000, guid: 941d70ba374194148a566611b3bdfd8d, type: 2}
  m_PrefabInternal: {fileID: 73256821}
  serializedVersion: 4
  m_Component:
  - 4: {fileID: 518422135}
  - 65: {fileID: 518422136}
  m_Layer: 0
  m_Name: RearMast
  m_TagString: Untagged
  m_Icon: {fileID: 0}
  m_NavMeshLayer: 0
  m_StaticEditorFlags: 0
  m_IsActive: 1
--- !u!4 &518422135
Transform:
  m_ObjectHideFlags: 0
  m_PrefabParentObject: {fileID: 400000, guid: 941d70ba374194148a566611b3bdfd8d, type: 2}
  m_PrefabInternal: {fileID: 73256821}
  m_GameObject: {fileID: 518422134}
  m_LocalRotation: {x: 0, y: 0, z: 0, w: 1}
  m_LocalPosition: {x: 0, y: .381685495, z: -.439168125}
  m_LocalScale: {x: 1, y: 1, z: 1}
  m_Children: []
  m_Father: {fileID: 1073290776}
--- !u!65 &518422136
BoxCollider:
  m_ObjectHideFlags: 0
  m_PrefabParentObject: {fileID: 6500000, guid: 941d70ba374194148a566611b3bdfd8d,
    type: 2}
  m_PrefabInternal: {fileID: 73256821}
  m_GameObject: {fileID: 518422134}
  m_Material: {fileID: 0}
  m_IsTrigger: 0
  m_Enabled: 1
  serializedVersion: 2
  m_Size: {x: .200000003, y: .400000006, z: .0500000007}
  m_Center: {x: 0, y: 0, z: 0}
--- !u!1 &573838832
GameObject:
  m_ObjectHideFlags: 0
  m_PrefabParentObject: {fileID: 100010, guid: 941d70ba374194148a566611b3bdfd8d, type: 2}
  m_PrefabInternal: {fileID: 73256821}
  serializedVersion: 4
  m_Component:
  - 4: {fileID: 573838833}
  - 160: {fileID: 573838835}
  - 161: {fileID: 573838834}
  m_Layer: 0
  m_Name: MainSail
  m_TagString: Untagged
  m_Icon: {fileID: 0}
  m_NavMeshLayer: 0
  m_StaticEditorFlags: 0
  m_IsActive: 0
--- !u!4 &573838833
Transform:
  m_ObjectHideFlags: 0
  m_PrefabParentObject: {fileID: 400010, guid: 941d70ba374194148a566611b3bdfd8d, type: 2}
  m_PrefabInternal: {fileID: 73256821}
  m_GameObject: {fileID: 573838832}
  m_LocalRotation: {x: 0, y: 0, z: 0, w: 1}
  m_LocalPosition: {x: 0, y: .359305531, z: .133097723}
  m_LocalScale: {x: 1, y: 1, z: 1}
  m_Children: []
  m_Father: {fileID: 1974908049}
--- !u!161 &573838834
ClothRenderer:
  m_ObjectHideFlags: 0
  m_PrefabParentObject: {fileID: 16100004, guid: 941d70ba374194148a566611b3bdfd8d,
    type: 2}
  m_PrefabInternal: {fileID: 73256821}
  m_GameObject: {fileID: 573838832}
  m_Enabled: 1
  m_CastShadows: 1
  m_ReceiveShadows: 1
  m_LightmapIndex: 255
  m_LightmapTilingOffset: {x: 1, y: 1, z: 0, w: 0}
  m_Materials:
  - {fileID: 2100000, guid: 01c705a52bed5d644b57f5d307609e3a, type: 2}
  m_SubsetIndices: 
  m_StaticBatchRoot: {fileID: 0}
  m_UseLightProbes: 0
  m_LightProbeAnchor: {fileID: 0}
  m_ScaleInLightmap: 1
  m_SortingLayer: 0
  m_SortingOrder: 0
  m_SortingLayerID: 0
  m_PauseWhenNotVisible: 1
--- !u!160 &573838835
InteractiveCloth:
  m_ObjectHideFlags: 0
  m_PrefabParentObject: {fileID: 16000004, guid: 941d70ba374194148a566611b3bdfd8d,
    type: 2}
  m_PrefabInternal: {fileID: 73256821}
  m_GameObject: {fileID: 573838832}
  m_Enabled: 1
  m_BendingStiffness: 0
  m_StretchingStiffness: 1
  m_Damping: 0
  m_Thickness: .200000003
  m_UseGravity: 1
  m_SelfCollision: 0
  m_ExternalAcceleration: {x: 0, y: 0, z: 0}
  m_RandomAcceleration: {x: 0, y: 0, z: 0}
  m_Mesh: {fileID: 4300006, guid: 50153583ded3b6143a74eff93656e1dc, type: 3}
  m_Friction: .5
  m_Density: 1
  m_Pressure: 0
  m_CollisionResponse: 0
  m_AttachmentTearFactor: .200000003
  m_AttachmentResponse: .200000003
  m_TearFactor: .200000003
  m_AttachedColliders:
  - m_Collider: {fileID: 2063723586}
    m_TwoWayInteraction: 0
    m_Tearable: 1
--- !u!1 &859662600
GameObject:
  m_ObjectHideFlags: 0
  m_PrefabParentObject: {fileID: 100018, guid: 941d70ba374194148a566611b3bdfd8d, type: 2}
  m_PrefabInternal: {fileID: 73256821}
  serializedVersion: 4
  m_Component:
  - 4: {fileID: 859662601}
  - 65: {fileID: 859662602}
  - 114: {fileID: 859662603}
  m_Layer: 0
  m_Name: BowCollider
  m_TagString: Untagged
  m_Icon: {fileID: 0}
  m_NavMeshLayer: 0
  m_StaticEditorFlags: 0
  m_IsActive: 1
--- !u!4 &859662601
Transform:
  m_ObjectHideFlags: 0
  m_PrefabParentObject: {fileID: 400018, guid: 941d70ba374194148a566611b3bdfd8d, type: 2}
  m_PrefabInternal: {fileID: 73256821}
  m_GameObject: {fileID: 859662600}
  m_LocalRotation: {x: 0, y: .382683486, z: 0, w: .923879564}
  m_LocalPosition: {x: -8.30707165e-08, y: .0460214615, z: .696847737}
  m_LocalScale: {x: 1, y: 1, z: 1}
  m_Children: []
  m_Father: {fileID: 1073290776}
--- !u!65 &859662602
BoxCollider:
  m_ObjectHideFlags: 0
  m_PrefabParentObject: {fileID: 6500008, guid: 941d70ba374194148a566611b3bdfd8d,
    type: 2}
  m_PrefabInternal: {fileID: 73256821}
  m_GameObject: {fileID: 859662600}
  m_Material: {fileID: 0}
  m_IsTrigger: 0
  m_Enabled: 1
  serializedVersion: 2
  m_Size: {x: .200000003, y: .200000003, z: .200000003}
  m_Center: {x: 0, y: 0, z: 0}
--- !u!114 &859662603
MonoBehaviour:
  m_ObjectHideFlags: 0
  m_PrefabParentObject: {fileID: 11400002, guid: 941d70ba374194148a566611b3bdfd8d,
    type: 2}
  m_PrefabInternal: {fileID: 73256821}
  m_GameObject: {fileID: 859662600}
  m_Enabled: 1
  m_EditorHideFlags: 0
  m_Script: {fileID: 11500000, guid: 963a0c9813a06134a886e7c6697af83b, type: 3}
  m_Name: 
  m_EditorClassIdentifier: 
  gridSize: 1
  body: {fileID: 0}
  useOwnRigidbody: 1
--- !u!1 &1073290775
GameObject:
  m_ObjectHideFlags: 0
  m_PrefabParentObject: {fileID: 100020, guid: 941d70ba374194148a566611b3bdfd8d, type: 2}
  m_PrefabInternal: {fileID: 73256821}
  serializedVersion: 4
  m_Component:
  - 4: {fileID: 1073290776}
  m_Layer: 0
  m_Name: Colliders
  m_TagString: Untagged
  m_Icon: {fileID: 0}
  m_NavMeshLayer: 0
  m_StaticEditorFlags: 0
  m_IsActive: 1
--- !u!4 &1073290776
Transform:
  m_ObjectHideFlags: 0
  m_PrefabParentObject: {fileID: 400020, guid: 941d70ba374194148a566611b3bdfd8d, type: 2}
  m_PrefabInternal: {fileID: 73256821}
  m_GameObject: {fileID: 1073290775}
  m_LocalRotation: {x: 0, y: 0, z: 0, w: 1}
  m_LocalPosition: {x: 0, y: 0, z: 0}
  m_LocalScale: {x: 1, y: 1, z: 1}
  m_Children:
  - {fileID: 402353468}
  - {fileID: 1619381915}
  - {fileID: 859662601}
  - {fileID: 1751263494}
  - {fileID: 2063723585}
  - {fileID: 518422135}
  m_Father: {fileID: 1331049446}
--- !u!1 &1091046062
GameObject:
  m_ObjectHideFlags: 0
  m_PrefabParentObject: {fileID: 100000, guid: 356e52d262fd7a7499520f7a29d5b3f7, type: 2}
  m_PrefabInternal: {fileID: 1660641549}
  serializedVersion: 4
  m_Component:
  - 4: {fileID: 1091046063}
  - 82: {fileID: 1091046064}
  m_Layer: 4
  m_Name: Water Disc
  m_TagString: Untagged
  m_Icon: {fileID: 0}
  m_NavMeshLayer: 0
  m_StaticEditorFlags: 0
  m_IsActive: 1
--- !u!4 &1091046063
Transform:
  m_ObjectHideFlags: 0
  m_PrefabParentObject: {fileID: 400000, guid: 356e52d262fd7a7499520f7a29d5b3f7, type: 2}
  m_PrefabInternal: {fileID: 1660641549}
  m_GameObject: {fileID: 1091046062}
  m_LocalRotation: {x: 0, y: 0, z: 0, w: 1}
  m_LocalPosition: {x: 0, y: 0, z: 0}
  m_LocalScale: {x: 20, y: 1, z: 20}
  m_Children:
  - {fileID: 182086916}
  - {fileID: 2026041267}
  - {fileID: 1633458426}
  m_Father: {fileID: 0}
--- !u!82 &1091046064
AudioSource:
  m_ObjectHideFlags: 0
  m_PrefabParentObject: {fileID: 8200000, guid: 356e52d262fd7a7499520f7a29d5b3f7,
    type: 2}
  m_PrefabInternal: {fileID: 1660641549}
  m_GameObject: {fileID: 1091046062}
  m_Enabled: 1
  serializedVersion: 3
  m_audioClip: {fileID: 8300000, guid: 28816bf8b598d984ebb0f72b2af966a7, type: 3}
  m_PlayOnAwake: 1
  m_Volume: 1
  m_Pitch: 1
  Loop: 1
  Mute: 0
  Priority: 128
  DopplerLevel: 1
  MinDistance: 1
  MaxDistance: 500
  Pan2D: 0
  rolloffMode: 0
  BypassEffects: 0
  BypassListenerEffects: 0
  BypassReverbZones: 0
  rolloffCustomCurve:
    serializedVersion: 2
    m_Curve:
    - time: 0
      value: 1
      inSlope: 0
      outSlope: 0
      tangentMode: 0
    - time: 1
      value: 0
      inSlope: 0
      outSlope: 0
      tangentMode: 0
    m_PreInfinity: 2
    m_PostInfinity: 2
  panLevelCustomCurve:
    serializedVersion: 2
    m_Curve:
    - time: 0
      value: 1
      inSlope: 0
      outSlope: 0
      tangentMode: 0
    m_PreInfinity: 2
    m_PostInfinity: 2
  spreadCustomCurve:
    serializedVersion: 2
    m_Curve:
    - time: 0
      value: 0
      inSlope: 0
      outSlope: 0
      tangentMode: 0
    m_PreInfinity: 2
    m_PostInfinity: 2
--- !u!1 &1331049445
GameObject:
  m_ObjectHideFlags: 0
  m_PrefabParentObject: {fileID: 100022, guid: 941d70ba374194148a566611b3bdfd8d, type: 2}
  m_PrefabInternal: {fileID: 73256821}
  serializedVersion: 4
  m_Component:
  - 4: {fileID: 1331049446}
  - 33: {fileID: 1331049449}
  - 23: {fileID: 1331049448}
  - 54: {fileID: 1331049447}
  - 114: {fileID: 1331049450}
  m_Layer: 0
  m_Name: SantaMaria
  m_TagString: Untagged
  m_Icon: {fileID: 0}
  m_NavMeshLayer: 0
  m_StaticEditorFlags: 0
  m_IsActive: 1
--- !u!4 &1331049446
Transform:
  m_ObjectHideFlags: 0
  m_PrefabParentObject: {fileID: 400022, guid: 941d70ba374194148a566611b3bdfd8d, type: 2}
  m_PrefabInternal: {fileID: 73256821}
  m_GameObject: {fileID: 1331049445}
  m_LocalRotation: {x: 0, y: 0, z: 0, w: 1}
  m_LocalPosition: {x: 0, y: 1.5, z: 0}
  m_LocalScale: {x: 1.29999995, y: 1.29999995, z: 1.29999995}
  m_Children:
  - {fileID: 1073290776}
  - {fileID: 39274763}
  - {fileID: 1974908049}
  m_Father: {fileID: 0}
--- !u!54 &1331049447
Rigidbody:
  m_ObjectHideFlags: 0
  m_PrefabParentObject: {fileID: 5400000, guid: 941d70ba374194148a566611b3bdfd8d,
    type: 2}
  m_PrefabInternal: {fileID: 73256821}
  m_GameObject: {fileID: 1331049445}
  serializedVersion: 2
  m_Mass: 60
  m_Drag: 0
  m_AngularDrag: .0500000007
  m_UseGravity: 1
  m_IsKinematic: 0
  m_Interpolate: 0
  m_Constraints: 0
  m_CollisionDetection: 0
--- !u!23 &1331049448
Renderer:
  m_ObjectHideFlags: 0
  m_PrefabParentObject: {fileID: 2300000, guid: 941d70ba374194148a566611b3bdfd8d,
    type: 2}
  m_PrefabInternal: {fileID: 73256821}
  m_GameObject: {fileID: 1331049445}
  m_Enabled: 1
  m_CastShadows: 1
  m_ReceiveShadows: 1
  m_LightmapIndex: 255
  m_LightmapTilingOffset: {x: 1, y: 1, z: 0, w: 0}
  m_Materials:
  - {fileID: 2100000, guid: 9a6f243b15a28174db0aa1e4099408bd, type: 2}
  m_SubsetIndices: 
  m_StaticBatchRoot: {fileID: 0}
  m_UseLightProbes: 0
  m_LightProbeAnchor: {fileID: 0}
  m_ScaleInLightmap: 1
  m_SortingLayer: 0
  m_SortingOrder: 0
  m_SortingLayerID: 0
--- !u!33 &1331049449
MeshFilter:
  m_ObjectHideFlags: 0
  m_PrefabParentObject: {fileID: 3300000, guid: 941d70ba374194148a566611b3bdfd8d,
    type: 2}
  m_PrefabInternal: {fileID: 73256821}
  m_GameObject: {fileID: 1331049445}
  m_Mesh: {fileID: 4300000, guid: 50153583ded3b6143a74eff93656e1dc, type: 3}
--- !u!114 &1331049450
MonoBehaviour:
  m_ObjectHideFlags: 0
  m_PrefabParentObject: {fileID: 11400004, guid: 941d70ba374194148a566611b3bdfd8d,
    type: 2}
  m_PrefabInternal: {fileID: 73256821}
  m_GameObject: {fileID: 1331049445}
  m_Enabled: 1
  m_EditorHideFlags: 0
  m_Script: {fileID: 11500000, guid: 558d6b9a783e85941b3f110b8ed13098, type: 3}
  m_Name: 
  m_EditorClassIdentifier: 
  centerOfMassName: CenterOfMass
--- !u!1 &1333480924
GameObject:
  m_ObjectHideFlags: 0
  m_PrefabParentObject: {fileID: 100000, guid: 95212dd092a535f4081503330f0be19b, type: 2}
  m_PrefabInternal: {fileID: 1536296739}
  serializedVersion: 4
  m_Component:
  - 4: {fileID: 1333480930}
  - 20: {fileID: 1333480929}
  - 92: {fileID: 1333480928}
  - 124: {fileID: 1333480927}
  - 81: {fileID: 1333480926}
  - 45: {fileID: 1333480925}
  m_Layer: 0
  m_Name: Main Camera
  m_TagString: MainCamera
  m_Icon: {fileID: 0}
  m_NavMeshLayer: 0
  m_StaticEditorFlags: 0
  m_IsActive: 1
--- !u!45 &1333480925
Skybox:
  m_ObjectHideFlags: 0
  m_PrefabParentObject: {fileID: 4500000, guid: 95212dd092a535f4081503330f0be19b,
    type: 2}
  m_PrefabInternal: {fileID: 1536296739}
  m_GameObject: {fileID: 1333480924}
  m_Enabled: 1
  m_CustomSkybox: {fileID: 2100000, guid: c3365fd6744970648b7b65391585ff76, type: 2}
--- !u!81 &1333480926
AudioListener:
  m_ObjectHideFlags: 0
  m_PrefabParentObject: {fileID: 8100000, guid: 95212dd092a535f4081503330f0be19b,
    type: 2}
  m_PrefabInternal: {fileID: 1536296739}
  m_GameObject: {fileID: 1333480924}
  m_Enabled: 1
--- !u!124 &1333480927
Behaviour:
  m_ObjectHideFlags: 0
  m_PrefabParentObject: {fileID: 12400000, guid: 95212dd092a535f4081503330f0be19b,
    type: 2}
  m_PrefabInternal: {fileID: 1536296739}
  m_GameObject: {fileID: 1333480924}
  m_Enabled: 1
--- !u!92 &1333480928
Behaviour:
  m_ObjectHideFlags: 0
  m_PrefabParentObject: {fileID: 9200000, guid: 95212dd092a535f4081503330f0be19b,
    type: 2}
  m_PrefabInternal: {fileID: 1536296739}
  m_GameObject: {fileID: 1333480924}
  m_Enabled: 1
--- !u!20 &1333480929
Camera:
  m_ObjectHideFlags: 0
  m_PrefabParentObject: {fileID: 2000000, guid: 95212dd092a535f4081503330f0be19b,
    type: 2}
  m_PrefabInternal: {fileID: 1536296739}
  m_GameObject: {fileID: 1333480924}
  m_Enabled: 1
  serializedVersion: 2
  m_ClearFlags: 1
  m_BackGroundColor: {r: .192156866, g: .301960796, b: .474509805, a: .0196078438}
  m_NormalizedViewPortRect:
    serializedVersion: 2
    x: 0
    y: 0
    width: 1
    height: 1
  near clip plane: .300000012
  far clip plane: 1000
  field of view: 60
  orthographic: 1
  orthographic size: 7
  m_Depth: -1
  m_CullingMask:
    serializedVersion: 2
    m_Bits: 4294967295
  m_RenderingPath: -1
  m_TargetTexture: {fileID: 0}
  m_HDR: 0
  m_OcclusionCulling: 1
--- !u!4 &1333480930
Transform:
  m_ObjectHideFlags: 0
  m_PrefabParentObject: {fileID: 400000, guid: 95212dd092a535f4081503330f0be19b, type: 2}
  m_PrefabInternal: {fileID: 1536296739}
  m_GameObject: {fileID: 1333480924}
  m_LocalRotation: {x: .258819044, y: 0, z: 0, w: .965925813}
  m_LocalPosition: {x: 0, y: 10.9681053, z: -19.4410648}
  m_LocalScale: {x: 1, y: 1, z: 1}
  m_Children: []
  m_Father: {fileID: 0}
--- !u!1001 &1536296739
Prefab:
  m_ObjectHideFlags: 0
  serializedVersion: 2
  m_Modification:
    m_TransformParent: {fileID: 0}
    m_Modifications:
    - target: {fileID: 400000, guid: 95212dd092a535f4081503330f0be19b, type: 2}
      propertyPath: m_LocalPosition.x
      value: 0
      objectReference: {fileID: 0}
    - target: {fileID: 400000, guid: 95212dd092a535f4081503330f0be19b, type: 2}
      propertyPath: m_LocalPosition.y
      value: 10.9681053
      objectReference: {fileID: 0}
    - target: {fileID: 400000, guid: 95212dd092a535f4081503330f0be19b, type: 2}
      propertyPath: m_LocalPosition.z
      value: -19.4410648
      objectReference: {fileID: 0}
    - target: {fileID: 400000, guid: 95212dd092a535f4081503330f0be19b, type: 2}
      propertyPath: m_LocalRotation.x
      value: .258819044
      objectReference: {fileID: 0}
    - target: {fileID: 400000, guid: 95212dd092a535f4081503330f0be19b, type: 2}
      propertyPath: m_LocalRotation.y
      value: 0
      objectReference: {fileID: 0}
    - target: {fileID: 400000, guid: 95212dd092a535f4081503330f0be19b, type: 2}
      propertyPath: m_LocalRotation.z
      value: 0
      objectReference: {fileID: 0}
    - target: {fileID: 400000, guid: 95212dd092a535f4081503330f0be19b, type: 2}
      propertyPath: m_LocalRotation.w
      value: .965925813
      objectReference: {fileID: 0}
    - target: {fileID: 100000, guid: 95212dd092a535f4081503330f0be19b, type: 2}
      propertyPath: m_IsActive
      value: 1
      objectReference: {fileID: 0}
    m_RemovedComponents: []
  m_ParentPrefab: {fileID: 100100000, guid: 95212dd092a535f4081503330f0be19b, type: 2}
  m_RootGameObject: {fileID: 1333480924}
  m_IsPrefabParent: 0
  m_IsExploded: 1
--- !u!1001 &1541076837
Prefab:
  m_ObjectHideFlags: 0
  serializedVersion: 2
  m_Modification:
    m_TransformParent: {fileID: 0}
    m_Modifications:
    - target: {fileID: 400000, guid: e126763d805bdd543a77ba0bab2b2eda, type: 2}
      propertyPath: m_LocalPosition.x
      value: 0
      objectReference: {fileID: 0}
    - target: {fileID: 400000, guid: e126763d805bdd543a77ba0bab2b2eda, type: 2}
      propertyPath: m_LocalPosition.y
      value: 0
      objectReference: {fileID: 0}
    - target: {fileID: 400000, guid: e126763d805bdd543a77ba0bab2b2eda, type: 2}
      propertyPath: m_LocalPosition.z
      value: 0
      objectReference: {fileID: 0}
    - target: {fileID: 400000, guid: e126763d805bdd543a77ba0bab2b2eda, type: 2}
      propertyPath: m_LocalRotation.x
      value: 0
      objectReference: {fileID: 0}
    - target: {fileID: 400000, guid: e126763d805bdd543a77ba0bab2b2eda, type: 2}
      propertyPath: m_LocalRotation.y
      value: 0
      objectReference: {fileID: 0}
    - target: {fileID: 400000, guid: e126763d805bdd543a77ba0bab2b2eda, type: 2}
      propertyPath: m_LocalRotation.z
      value: 0
      objectReference: {fileID: 0}
    - target: {fileID: 400000, guid: e126763d805bdd543a77ba0bab2b2eda, type: 2}
      propertyPath: m_LocalRotation.w
      value: 1
      objectReference: {fileID: 0}
    m_RemovedComponents: []
  m_ParentPrefab: {fileID: 100100000, guid: e126763d805bdd543a77ba0bab2b2eda, type: 2}
  m_RootGameObject: {fileID: 1550669977}
  m_IsPrefabParent: 0
  m_IsExploded: 1
--- !u!1 &1550669977
GameObject:
  m_ObjectHideFlags: 0
  m_PrefabParentObject: {fileID: 100000, guid: e126763d805bdd543a77ba0bab2b2eda, type: 2}
  m_PrefabInternal: {fileID: 1541076837}
  serializedVersion: 4
  m_Component:
  - 4: {fileID: 1550669979}
  - 114: {fileID: 1550669978}
  m_Layer: 0
  m_Name: AmbienceController
  m_TagString: Untagged
  m_Icon: {fileID: 0}
  m_NavMeshLayer: 0
  m_StaticEditorFlags: 0
  m_IsActive: 1
--- !u!114 &1550669978
MonoBehaviour:
  m_ObjectHideFlags: 0
  m_PrefabParentObject: {fileID: 11400000, guid: e126763d805bdd543a77ba0bab2b2eda,
    type: 2}
  m_PrefabInternal: {fileID: 1541076837}
  m_GameObject: {fileID: 1550669977}
  m_Enabled: 1
  m_EditorHideFlags: 0
  m_Script: {fileID: 11500000, guid: 32203e0aeb294ff4a86a9dd71a763239, type: 3}
  m_Name: 
  m_EditorClassIdentifier: 
  initialAmbientLight: {r: .5, g: .5, b: .5, a: 1}
--- !u!4 &1550669979
Transform:
  m_ObjectHideFlags: 0
  m_PrefabParentObject: {fileID: 400000, guid: e126763d805bdd543a77ba0bab2b2eda, type: 2}
  m_PrefabInternal: {fileID: 1541076837}
  m_GameObject: {fileID: 1550669977}
  m_LocalRotation: {x: 0, y: 0, z: 0, w: 1}
  m_LocalPosition: {x: 0, y: 0, z: 0}
  m_LocalScale: {x: 1, y: 1, z: 1}
  m_Children: []
  m_Father: {fileID: 0}
--- !u!1 &1619381914
GameObject:
  m_ObjectHideFlags: 0
  m_PrefabParentObject: {fileID: 100024, guid: 941d70ba374194148a566611b3bdfd8d, type: 2}
  m_PrefabInternal: {fileID: 73256821}
  serializedVersion: 4
  m_Component:
  - 4: {fileID: 1619381915}
  - 136: {fileID: 1619381917}
  - 114: {fileID: 1619381916}
  m_Layer: 0
  m_Name: BuoyancyCollider
  m_TagString: Untagged
  m_Icon: {fileID: 0}
  m_NavMeshLayer: 0
  m_StaticEditorFlags: 0
  m_IsActive: 1
--- !u!4 &1619381915
Transform:
  m_ObjectHideFlags: 0
  m_PrefabParentObject: {fileID: 400024, guid: 941d70ba374194148a566611b3bdfd8d, type: 2}
  m_PrefabInternal: {fileID: 73256821}
  m_GameObject: {fileID: 1619381914}
  m_LocalRotation: {x: 0, y: 0, z: 0, w: 1}
  m_LocalPosition: {x: 6.10210582e-16, y: -.159187868, z: .105439767}
  m_LocalScale: {x: 1, y: 1, z: 1}
  m_Children: []
  m_Father: {fileID: 1073290776}
--- !u!114 &1619381916
MonoBehaviour:
  m_ObjectHideFlags: 0
  m_PrefabParentObject: {fileID: 11400006, guid: 941d70ba374194148a566611b3bdfd8d,
    type: 2}
  m_PrefabInternal: {fileID: 73256821}
  m_GameObject: {fileID: 1619381914}
  m_Enabled: 1
  m_EditorHideFlags: 0
  m_Script: {fileID: 11500000, guid: 963a0c9813a06134a886e7c6697af83b, type: 3}
  m_Name: 
  m_EditorClassIdentifier: 
  gridSize: 4
  body: {fileID: 0}
  useOwnRigidbody: 1
--- !u!136 &1619381917
CapsuleCollider:
  m_ObjectHideFlags: 0
  m_PrefabParentObject: {fileID: 13600000, guid: 941d70ba374194148a566611b3bdfd8d,
    type: 2}
  m_PrefabInternal: {fileID: 73256821}
  m_GameObject: {fileID: 1619381914}
  m_Material: {fileID: 0}
  m_IsTrigger: 0
  m_Enabled: 1
  m_Radius: .109784268
  m_Height: 1.16097271
  m_Direction: 2
  m_Center: {x: 0, y: 0, z: 0}
--- !u!1 &1633458422
GameObject:
  m_ObjectHideFlags: 0
  m_PrefabParentObject: {fileID: 100006, guid: 356e52d262fd7a7499520f7a29d5b3f7, type: 2}
  m_PrefabInternal: {fileID: 1660641549}
  serializedVersion: 4
  m_Component:
  - 4: {fileID: 1633458426}
  - 33: {fileID: 1633458425}
  - 23: {fileID: 1633458424}
  - 114: {fileID: 1633458423}
  m_Layer: 0
  m_Name: Internals
  m_TagString: Untagged
  m_Icon: {fileID: 0}
  m_NavMeshLayer: 0
  m_StaticEditorFlags: 0
  m_IsActive: 1
--- !u!114 &1633458423
MonoBehaviour:
  m_ObjectHideFlags: 0
  m_PrefabParentObject: {fileID: 11400004, guid: 356e52d262fd7a7499520f7a29d5b3f7,
    type: 2}
  m_PrefabInternal: {fileID: 1660641549}
  m_GameObject: {fileID: 1633458422}
  m_Enabled: 1
  m_EditorHideFlags: 0
  m_Script: {fileID: 11500000, guid: 0d2f50a8e0bb841a5aaa90ae55db8849, type: 3}
  m_Name: 
  m_EditorClassIdentifier: 
--- !u!23 &1633458424
Renderer:
  m_ObjectHideFlags: 0
  m_PrefabParentObject: {fileID: 2300004, guid: 356e52d262fd7a7499520f7a29d5b3f7,
    type: 2}
  m_PrefabInternal: {fileID: 1660641549}
  m_GameObject: {fileID: 1633458422}
  m_Enabled: 1
  m_CastShadows: 1
  m_ReceiveShadows: 1
  m_LightmapIndex: 255
  m_LightmapTilingOffset: {x: 1, y: 1, z: 0, w: 0}
  m_Materials:
  - {fileID: 2100000, guid: 4feb5b10c6595e24a8798ae2c49d8ec3, type: 2}
  m_SubsetIndices: 
  m_StaticBatchRoot: {fileID: 0}
  m_UseLightProbes: 0
  m_LightProbeAnchor: {fileID: 0}
  m_ScaleInLightmap: 1
  m_SortingLayer: 0
  m_SortingOrder: 0
  m_SortingLayerID: 0
--- !u!33 &1633458425
MeshFilter:
  m_ObjectHideFlags: 0
  m_PrefabParentObject: {fileID: 3300004, guid: 356e52d262fd7a7499520f7a29d5b3f7,
    type: 2}
  m_PrefabInternal: {fileID: 1660641549}
  m_GameObject: {fileID: 1633458422}
  m_Mesh: {fileID: 4300008, guid: 8de34f722aedfd8419a34b6121386c4e, type: 3}
--- !u!4 &1633458426
Transform:
  m_ObjectHideFlags: 0
  m_PrefabParentObject: {fileID: 400006, guid: 356e52d262fd7a7499520f7a29d5b3f7, type: 2}
  m_PrefabInternal: {fileID: 1660641549}
  m_GameObject: {fileID: 1633458422}
  m_LocalRotation: {x: 0, y: 0, z: 0, w: 1}
  m_LocalPosition: {x: 0, y: 0, z: 0}
  m_LocalScale: {x: 1, y: 10, z: 1}
  m_Children: []
  m_Father: {fileID: 1091046063}
--- !u!1001 &1660641549
Prefab:
  m_ObjectHideFlags: 0
  serializedVersion: 2
  m_Modification:
    m_TransformParent: {fileID: 0}
    m_Modifications:
    - target: {fileID: 400000, guid: 356e52d262fd7a7499520f7a29d5b3f7, type: 2}
      propertyPath: m_LocalPosition.x
      value: 0
      objectReference: {fileID: 0}
    - target: {fileID: 400000, guid: 356e52d262fd7a7499520f7a29d5b3f7, type: 2}
      propertyPath: m_LocalPosition.y
      value: 0
      objectReference: {fileID: 0}
    - target: {fileID: 400000, guid: 356e52d262fd7a7499520f7a29d5b3f7, type: 2}
      propertyPath: m_LocalPosition.z
      value: 0
      objectReference: {fileID: 0}
    - target: {fileID: 400000, guid: 356e52d262fd7a7499520f7a29d5b3f7, type: 2}
      propertyPath: m_LocalRotation.x
      value: 0
      objectReference: {fileID: 0}
    - target: {fileID: 400000, guid: 356e52d262fd7a7499520f7a29d5b3f7, type: 2}
      propertyPath: m_LocalRotation.y
      value: 0
      objectReference: {fileID: 0}
    - target: {fileID: 400000, guid: 356e52d262fd7a7499520f7a29d5b3f7, type: 2}
      propertyPath: m_LocalRotation.z
      value: 0
      objectReference: {fileID: 0}
    - target: {fileID: 400000, guid: 356e52d262fd7a7499520f7a29d5b3f7, type: 2}
      propertyPath: m_LocalRotation.w
      value: 1
      objectReference: {fileID: 0}
    m_RemovedComponents: []
  m_ParentPrefab: {fileID: 100100000, guid: 356e52d262fd7a7499520f7a29d5b3f7, type: 2}
  m_RootGameObject: {fileID: 1091046062}
  m_IsPrefabParent: 0
  m_IsExploded: 1
--- !u!1 &1751263493
GameObject:
  m_ObjectHideFlags: 0
  m_PrefabParentObject: {fileID: 100004, guid: 941d70ba374194148a566611b3bdfd8d, type: 2}
  m_PrefabInternal: {fileID: 73256821}
  serializedVersion: 4
  m_Component:
  - 4: {fileID: 1751263494}
  - 65: {fileID: 1751263495}
  m_Layer: 0
  m_Name: FrontMast
  m_TagString: Untagged
  m_Icon: {fileID: 0}
  m_NavMeshLayer: 0
  m_StaticEditorFlags: 0
  m_IsActive: 1
--- !u!4 &1751263494
Transform:
  m_ObjectHideFlags: 0
  m_PrefabParentObject: {fileID: 400004, guid: 941d70ba374194148a566611b3bdfd8d, type: 2}
  m_PrefabInternal: {fileID: 73256821}
  m_GameObject: {fileID: 1751263493}
  m_LocalRotation: {x: 0, y: 0, z: 0, w: 1}
  m_LocalPosition: {x: 0, y: .439984262, z: .527980804}
  m_LocalScale: {x: 1, y: 1, z: 1}
  m_Children: []
  m_Father: {fileID: 1073290776}
--- !u!65 &1751263495
BoxCollider:
  m_ObjectHideFlags: 0
  m_PrefabParentObject: {fileID: 6500004, guid: 941d70ba374194148a566611b3bdfd8d,
    type: 2}
  m_PrefabInternal: {fileID: 73256821}
  m_GameObject: {fileID: 1751263493}
  m_Material: {fileID: 0}
  m_IsTrigger: 0
  m_Enabled: 1
  serializedVersion: 2
  m_Size: {x: .600000024, y: .100000001, z: .0500000007}
  m_Center: {x: 0, y: 0, z: 0}
--- !u!1 &1974908048
GameObject:
  m_ObjectHideFlags: 0
  m_PrefabParentObject: {fileID: 100026, guid: 941d70ba374194148a566611b3bdfd8d, type: 2}
  m_PrefabInternal: {fileID: 73256821}
  serializedVersion: 4
  m_Component:
  - 4: {fileID: 1974908049}
  - 114: {fileID: 1974908050}
  m_Layer: 0
  m_Name: Sails
  m_TagString: Untagged
  m_Icon: {fileID: 0}
  m_NavMeshLayer: 0
  m_StaticEditorFlags: 0
  m_IsActive: 1
--- !u!4 &1974908049
Transform:
  m_ObjectHideFlags: 0
  m_PrefabParentObject: {fileID: 400026, guid: 941d70ba374194148a566611b3bdfd8d, type: 2}
  m_PrefabInternal: {fileID: 73256821}
  m_GameObject: {fileID: 1974908048}
  m_LocalRotation: {x: 0, y: 0, z: 0, w: 1}
  m_LocalPosition: {x: 0, y: 0, z: 0}
  m_LocalScale: {x: 1, y: 1, z: 1}
  m_Children:
  - {fileID: 413131475}
  - {fileID: 573838833}
  - {fileID: 252497834}
  - {fileID: 485860664}
  m_Father: {fileID: 1331049446}
--- !u!114 &1974908050
MonoBehaviour:
  m_ObjectHideFlags: 0
  m_PrefabParentObject: {fileID: 11400008, guid: 941d70ba374194148a566611b3bdfd8d,
    type: 2}
  m_PrefabInternal: {fileID: 73256821}
  m_GameObject: {fileID: 1974908048}
  m_Enabled: 1
  m_EditorHideFlags: 0
  m_Script: {fileID: 11500000, guid: 453245954b7168f4b8eae1fbe9c250ec, type: 3}
  m_Name: 
  m_EditorClassIdentifier: 
--- !u!1 &2026041266
GameObject:
  m_ObjectHideFlags: 0
  m_PrefabParentObject: {fileID: 100004, guid: 356e52d262fd7a7499520f7a29d5b3f7, type: 2}
  m_PrefabInternal: {fileID: 1660641549}
  serializedVersion: 4
  m_Component:
  - 4: {fileID: 2026041267}
  - 33: {fileID: 2026041272}
  - 23: {fileID: 2026041271}
  - 64: {fileID: 2026041270}
  - 114: {fileID: 2026041269}
  - 114: {fileID: 2026041268}
  m_Layer: 4
  m_Name: Surface
  m_TagString: Water
  m_Icon: {fileID: 0}
  m_NavMeshLayer: 0
  m_StaticEditorFlags: 0
  m_IsActive: 1
--- !u!4 &2026041267
Transform:
  m_ObjectHideFlags: 0
  m_PrefabParentObject: {fileID: 400004, guid: 356e52d262fd7a7499520f7a29d5b3f7, type: 2}
  m_PrefabInternal: {fileID: 1660641549}
  m_GameObject: {fileID: 2026041266}
  m_LocalRotation: {x: 0, y: 0, z: 0, w: 1}
  m_LocalPosition: {x: 0, y: 0, z: 0}
  m_LocalScale: {x: 1, y: 10, z: 1}
  m_Children: []
  m_Father: {fileID: 1091046063}
--- !u!114 &2026041268
MonoBehaviour:
  m_ObjectHideFlags: 0
  m_PrefabParentObject: {fileID: 11400006, guid: 356e52d262fd7a7499520f7a29d5b3f7,
    type: 2}
  m_PrefabInternal: {fileID: 1660641549}
  m_GameObject: {fileID: 2026041266}
  m_Enabled: 1
  m_EditorHideFlags: 0
  m_Script: {fileID: 11500000, guid: e051e365b17d2b1458228fe00dd9b941, type: 3}
  m_Name: 
  m_EditorClassIdentifier: 
  density: 1000
  drag: 2
  angularDrag: 3
--- !u!114 &2026041269
MonoBehaviour:
  m_ObjectHideFlags: 0
  m_PrefabParentObject: {fileID: 11400000, guid: 356e52d262fd7a7499520f7a29d5b3f7,
    type: 2}
  m_PrefabInternal: {fileID: 1660641549}
  m_GameObject: {fileID: 2026041266}
  m_Enabled: 1
  m_EditorHideFlags: 0
  m_Script: {fileID: 11500000, guid: 0d2f50a8e0bb841a5aaa90ae55db8849, type: 3}
  m_Name: 
  m_EditorClassIdentifier: 
--- !u!64 &2026041270
MeshCollider:
  m_ObjectHideFlags: 0
  m_PrefabParentObject: {fileID: 6400000, guid: 356e52d262fd7a7499520f7a29d5b3f7,
    type: 2}
  m_PrefabInternal: {fileID: 1660641549}
  m_GameObject: {fileID: 2026041266}
  m_Material: {fileID: 0}
  m_IsTrigger: 1
  m_Enabled: 1
  serializedVersion: 2
  m_SmoothSphereCollisions: 0
  m_Convex: 1
  m_Mesh: {fileID: 4300004, guid: 8de34f722aedfd8419a34b6121386c4e, type: 3}
--- !u!23 &2026041271
Renderer:
  m_ObjectHideFlags: 0
  m_PrefabParentObject: {fileID: 2300000, guid: 356e52d262fd7a7499520f7a29d5b3f7,
    type: 2}
  m_PrefabInternal: {fileID: 1660641549}
  m_GameObject: {fileID: 2026041266}
  m_Enabled: 1
  m_CastShadows: 1
  m_ReceiveShadows: 1
  m_LightmapIndex: 255
  m_LightmapTilingOffset: {x: 1, y: 1, z: 0, w: 0}
  m_Materials:
  - {fileID: 2100000, guid: 7ed3fe28da0cebc46bd0e89955847295, type: 2}
  m_SubsetIndices: 
  m_StaticBatchRoot: {fileID: 0}
  m_UseLightProbes: 0
  m_LightProbeAnchor: {fileID: 0}
  m_ScaleInLightmap: 1
  m_SortingLayer: 0
  m_SortingOrder: 0
  m_SortingLayerID: 0
--- !u!33 &2026041272
MeshFilter:
  m_ObjectHideFlags: 0
  m_PrefabParentObject: {fileID: 3300000, guid: 356e52d262fd7a7499520f7a29d5b3f7,
    type: 2}
  m_PrefabInternal: {fileID: 1660641549}
  m_GameObject: {fileID: 2026041266}
  m_Mesh: {fileID: 4300002, guid: 8de34f722aedfd8419a34b6121386c4e, type: 3}
--- !u!1 &2063723584
GameObject:
  m_ObjectHideFlags: 0
  m_PrefabParentObject: {fileID: 100002, guid: 941d70ba374194148a566611b3bdfd8d, type: 2}
  m_PrefabInternal: {fileID: 73256821}
  serializedVersion: 4
  m_Component:
  - 4: {fileID: 2063723585}
  - 65: {fileID: 2063723586}
  m_Layer: 0
  m_Name: CenterMast
  m_TagString: Untagged
  m_Icon: {fileID: 0}
  m_NavMeshLayer: 0
  m_StaticEditorFlags: 0
  m_IsActive: 1
--- !u!4 &2063723585
Transform:
  m_ObjectHideFlags: 0
  m_PrefabParentObject: {fileID: 400002, guid: 941d70ba374194148a566611b3bdfd8d, type: 2}
  m_PrefabInternal: {fileID: 73256821}
  m_GameObject: {fileID: 2063723584}
  m_LocalRotation: {x: 0, y: 0, z: 0, w: 1}
  m_LocalPosition: {x: 0, y: .69980675, z: .0474251248}
  m_LocalScale: {x: 1, y: 1, z: 1}
  m_Children: []
  m_Father: {fileID: 1073290776}
--- !u!65 &2063723586
BoxCollider:
  m_ObjectHideFlags: 0
  m_PrefabParentObject: {fileID: 6500002, guid: 941d70ba374194148a566611b3bdfd8d,
    type: 2}
  m_PrefabInternal: {fileID: 73256821}
  m_GameObject: {fileID: 2063723584}
  m_Material: {fileID: 0}
  m_IsTrigger: 0
  m_Enabled: 1
  serializedVersion: 2
  m_Size: {x: 1, y: .200000003, z: .100000001}
  m_Center: {x: 0, y: 0, z: 0}
